<?xml version="1.0" encoding="UTF-8"?><record xmlns="http://www.loc.gov/MARC21/slim" xmlns:cinclude="http://apache.org/cocoon/include/1.0" xmlns:zs="http://www.loc.gov/zing/srw/">
  <leader>00595cz  a2200133n  4500</leader>
  <controlfield tag="001">n  96039400 </controlfield>
  <controlfield tag="003">DLC</controlfield>
  <controlfield tag="005">19960423165042.2</controlfield>
  <controlfield tag="008">960422n| acannaab|          |a ana |||  </controlfield>
  <datafield tag="010" ind1=" " ind2=" ">
    <subfield code="a">n  96039400 </subfield>
  </datafield>
  <datafield tag="040" ind1=" " ind2=" ">
    <subfield code="a">DLC</subfield>
    <subfield code="c">DLC</subfield>
    <subfield code="d">DLC</subfield>
  </datafield>
  <datafield tag="110" ind1="2" ind2="0">
    <subfield code="a">International Chamber of Commerce.</subfield>
    <subfield code="b">Ethnikē Hellēnikē Epitropē</subfield>
  </datafield>
  <datafield tag="410" ind1="2" ind2="0">
    <subfield code="a">International Chamber of Commerce.</subfield>
    <subfield code="b">Hellenic National Committee</subfield>
  </datafield>
  <datafield tag="670" ind1=" " ind2=" ">
    <subfield code="a">Chilia chronia, Hellēnismou-Rōsias, 1994:</subfield>
    <subfield code="b">t.p. (Diethnes Emporikon Epimelētērion, Ethnikē Hellēnikē Epitrotpē) p. 7 (Hellenic National Committee of the International Chamber of Commerce)</subfield>
  </datafield>
</record>